@article{rocket-paper,
  author = {Author Lastname},
  journal = {Cool Space Journal},
  pages = {1--4},
  publisher = {PSP},
  title = {Rockets and How to Build Them},
  volume = {2},
  year = {2022},
  url = {https://example.com}
}
